<collection>
<record>
<leader>03843cpcaa22005897a 4500</leader>
<controlfield tag="001">14180090</controlfield>
<controlfield tag="005">20180703102841.0</controlfield>
<controlfield tag="008">051123i19791991dcu eng </controlfield>
<datafield ind1=" " ind2=" " tag="906">
<subfield code="a">7</subfield>
<subfield code="b">cbc</subfield>
<subfield code="c">orignew</subfield>
<subfield code="d">u</subfield>
<subfield code="e">ncip</subfield>
<subfield code="f">20</subfield>
<subfield code="g">y-folklife</subfield>
</datafield>
<datafield ind1=" " ind2=" " tag="955">
<subfield code="a">mkru 2005-11-23; cker 2012-01-10</subfield>
<subfield code="a">mseg 2017-02-19</subfield>
</datafield>
<datafield ind1=" " ind2=" " tag="010">
<subfield code="a"> 2004659952</subfield>
</datafield>
<datafield ind1=" " ind2=" " tag="040">
<subfield code="a">DLC</subfield>
<subfield code="c">DLC</subfield>
<subfield code="e">dacs</subfield>
</datafield>
<datafield ind1=" " ind2=" " tag="043">
<subfield code="a">n-us-md</subfield>
<subfield code="a">n-us---</subfield>
</datafield>
<datafield ind1=" " ind2=" " tag="090">
<subfield code="a">RAA 60677 (10 in. sound tape reel)</subfield>
</datafield>
<datafield ind1=" " ind2=" " tag="090">
<subfield code="a">AFC 1991/017</subfield>
</datafield>
<datafield ind1="0" ind2="0" tag="245">
<subfield code="a">Penne Laingen yellow ribbon collection,</subfield>
<subfield code="f">1979-1991 /</subfield>
<subfield code="c">
collected by Penne Laingen, L. Bruce Laingen, and the American Folklife Center.
</subfield>
</datafield>
<datafield ind1="3" ind2=" " tag="246">
<subfield code="a">Yellow ribbon collection,</subfield>
<subfield code="f">1979-1991.</subfield>
</datafield>
<datafield ind1=" " ind2=" " tag="300">
<subfield code="3">manuscripts</subfield>
<subfield code="a">15 folders.</subfield>
</datafield>
<datafield ind1=" " ind2=" " tag="300">
<subfield code="3">sound recordings</subfield>
<subfield code="a">4 sound tape reels :</subfield>
<subfield code="b">analog, 7 1/2 ips</subfield>
<subfield code="c">7 and 10 in.</subfield>
</datafield>
<datafield ind1=" " ind2=" " tag="300">
<subfield code="3">graphic images</subfield>
<subfield code="a">circa 70 photographs :</subfield>
<subfield code="b">
negatives, contact sheets, photographic prints, slides, b and w, color ;
</subfield>
<subfield code="c">various sizes.</subfield>
</datafield>
<datafield ind1=" " ind2=" " tag="300">
<subfield code="3">graphic images</subfield>
<subfield code="a">2 posters :</subfield>
<subfield code="b">color ;</subfield>
<subfield code="c">21 x 30 in.</subfield>
</datafield>
<datafield ind1=" " ind2=" " tag="300">
<subfield code="3">moving images</subfield>
<subfield code="a">1 videocassette (VHS) :</subfield>
<subfield code="b">sd., col.</subfield>
</datafield>
<datafield ind1=" " ind2=" " tag="300">
<subfield code="3">artifacts</subfield>
<subfield code="a">6 items.</subfield>
</datafield>
<datafield ind1=" " ind2=" " tag="300">
<subfield code="a">1 computer disk :</subfield>
<subfield code="b">3 1/2 in.</subfield>
</datafield>
<datafield ind1=" " ind2=" " tag="351">
<subfield code="a">
Organized by format into the following series: I. Manuscripts; II. Graphic Images; III. Sound Recordings; IV. Moving Images; V. Artifacts.
</subfield>
</datafield>
<datafield ind1=" " ind2=" " tag="520">
<subfield code="a">
Collection comprises Penne Laingen's yellow ribbon marking the years her husband Bruce Laingen was held hostage in Tehran, Iran, during the Iran hostage crisis from 1979 to 1981; plus related documentation. Penne Laingen tied a large yellow ribbon around a tree in her yard in Bethesda, Maryland, in 1979 when her husband, L. Bruce Laingen, was taken hostage at the United States Embassy in Tehran, Iran, and the ribbon remained there until his release in 1981. She donated this yellow ribbon to the Library of Congress in 1991. Additional documentation includes an interview with the Laingens conducted by Gerald E. Parsons of the Archive of Folk Culture in 1991; a videocassette of news coverage of the donation; photographs of the Laingens; photographs of yellow ribbons displayed in the United States during the 1991 Gulf War; copies of sound recordings of popular and folk songs about yellow ribbons; and related manuscripts, artifacts, and posters collected by the American Folklife Center.
</subfield>
</datafield>
<datafield ind1=" " ind2=" " tag="524">
<subfield code="a">
Penne Laingen Yellow Ribbon Collection (AFC 1991/017), Archive of Folk Culture, American Folklife Center, Library of Congress, Washington, D.C.
</subfield>
</datafield>
<datafield ind1="0" ind2=" " tag="506">
<subfield code="a">The collection is open for research.</subfield>
</datafield>
<datafield ind1=" " ind2=" " tag="540">
<subfield code="a">
Duplication of the collection materials may be governed by copyright and other restrictions.
</subfield>
</datafield>
<datafield ind1=" " ind2=" " tag="541">
<subfield code="a">Penne Laingen, L. Bruce Laingen;</subfield>
<subfield code="c">Donation;</subfield>
<subfield code="d">1991.</subfield>
</datafield>
<datafield ind1="0" ind2=" " tag="555">
<subfield code="a">
Finding aid is available in the Folklife Reading Room and online via the American Folklife Center web pages.
</subfield>
</datafield>
<datafield ind1="1" ind2="0" tag="600">
<subfield code="a">Laingen, Penne.</subfield>
</datafield>
<datafield ind1="1" ind2="0" tag="600">
<subfield code="a">Laingen, L. Bruce.</subfield>
</datafield>
<datafield ind1=" " ind2="0" tag="650">
<subfield code="a">Iran Hostage Crisis, 1979-1981</subfield>
<subfield code="v">Personal narratives.</subfield>
</datafield>
<datafield ind1=" " ind2="0" tag="650">
<subfield code="a">Ribbons</subfield>
<subfield code="x">Symbolic aspects.</subfield>
</datafield>
<datafield ind1=" " ind2="0" tag="650">
<subfield code="a">Ribbons</subfield>
<subfield code="z">United States</subfield>
<subfield code="v">Folklore.</subfield>
</datafield>
<datafield ind1=" " ind2="0" tag="650">
<subfield code="a">Persian Gulf War, 1991</subfield>
<subfield code="z">United States</subfield>
<subfield code="v">Anecdotes.</subfield>
</datafield>
<datafield ind1=" " ind2="0" tag="655">
<subfield code="a">Interviews.</subfield>
</datafield>
<datafield ind1=" " ind2="7" tag="655">
<subfield code="a">Sound recordings.</subfield>
<subfield code="2">aat</subfield>
</datafield>
<datafield ind1=" " ind2="7" tag="655">
<subfield code="a">Videocassettes.</subfield>
<subfield code="2">aat</subfield>
</datafield>
<datafield ind1=" " ind2="7" tag="655">
<subfield code="a">Photographs.</subfield>
<subfield code="2">aat</subfield>
</datafield>
<datafield ind1=" " ind2="7" tag="655">
<subfield code="a">Posters.</subfield>
<subfield code="2">aat</subfield>
</datafield>
<datafield ind1=" " ind2="7" tag="655">
<subfield code="a">Artifacts.</subfield>
<subfield code="2">aat</subfield>
</datafield>
<datafield ind1="1" ind2=" " tag="700">
<subfield code="a">Laingen, L. Bruce,</subfield>
<subfield code="e">collector,</subfield>
<subfield code="e">interviewee.</subfield>
</datafield>
<datafield ind1="1" ind2=" " tag="700">
<subfield code="a">Laingen, Penne,</subfield>
<subfield code="e">collector,</subfield>
<subfield code="e">interviewee.</subfield>
</datafield>
<datafield ind1="1" ind2=" " tag="700">
<subfield code="a">Parsons, Gerald E.,</subfield>
<subfield code="d">1940-1995,</subfield>
<subfield code="e">interviewer.</subfield>
</datafield>
<datafield ind1="2" ind2=" " tag="710">
<subfield code="a">Archive of Folk Culture (Library of Congress)</subfield>
</datafield>
<datafield ind1="2" ind2=" " tag="710">
<subfield code="a">American Folklife Center,</subfield>
<subfield code="e">collector.</subfield>
</datafield>
<datafield ind1=" " ind2=" " tag="852">
<subfield code="a">DLC-AFC</subfield>
<subfield code="b">Archive of Folk Culture, American Folklife Center,</subfield>
<subfield code="e">
101 Independence Ave. S.E., Washington, DC USA 20540-4610
</subfield>
</datafield>
<datafield ind1="4" ind2="2" tag="856">
<subfield code="3">Finding aid</subfield>
<subfield code="u">http://hdl.loc.gov/loc.afc/eadafc.af006007</subfield>
</datafield>
<datafield ind1=" " ind2=" " tag="985">
<subfield code="a">afc/ead</subfield>
</datafield>
<datafield ind1=" " ind2=" " tag="985">
<subfield code="a">afc/coll </subfield>
</datafield>
</record>
</collection>